<?xml version="1.0" encoding="UTF-8"?><collection xmlns="http://www.loc.gov/MARC21/slim"><record><leader>00406nam--2200133-i-4500</leader><controlfield tag="001">000001847</controlfield><controlfield tag="002">20161230</controlfield><controlfield tag="005">20161230201024</controlfield><controlfield tag="008">060222s1000------------r-----000-0-eng-d</controlfield><datafield ind1=" " ind2=" " tag="080"><subfield code="a">539.12.08</subfield></datafield><datafield ind1=" " ind2=" " tag="100"><subfield code="a">Dombek, Frank Stanley</subfield></datafield><datafield ind1=" " ind2=" " tag="245"><subfield code="a">Digital computer automation of whole-body radioisotope determinations.thesis</subfield></datafield><datafield ind1=" " ind2=" " tag="260"><subfield code="a">Ohio, The Air Force Institute Of Technology, 1965. Vii + 83 P</subfield></datafield><datafield ind1=" " ind2=" " tag="852"><subfield code="a">25669</subfield></datafield></record></collection>